
@conference{OSM2020,
author = {Levine, Robert and De Robertis, Alex and Grünbaum,  Daniel and Woodgate,  Rebecca and  Mordy, Calvin and  Cokelet, Edward and Lawrence-Slavas,  Noah and Tabisola, Heather},
journal = {Ocean Sciences},
address = {San Diego, CA},
title = {{Summer 2018 repeat autonomous vehicle surveys indicate age-0 Arctic cod are largely retained over the Chukchi Sea shelf.}},
year={February 2020}
}

@conference{AMSS2020_1,
author = {Levine, Robert and De Robertis, Alex and Wilson, Christopher and Farley, Edward},
journal = {Alaska Marine Science Symposium},
address = {Anchorage, AK},
title = {{Preliminary results of an 2019 acoustic-trawl survey in the U.S. Continental Shelf Region of the Chukchi Sea}},
year={February 2020}
}

@conference{AMSS2020_2,
author = {Levine, Robert and De Robertis, Alex and Grünbaum,  Daniel and Woodgate,  Rebecca and  Mordy, Calvin and  Cokelet, Edward and Lawrence-Slavas,  Noah and Tabisola, Heather},
journal = {Alaska Marine Science Symposium},
address = {Anchorage, AK},
title = {{Summer 2018 repeat autonomous vehicle surveys indicate age-0 Arctic cod are largely retained over the Chukchi Sea shelf}},
year={February 2020}
}

@conference{AMSS2020_3,
author = {Cooper, Daniel and Cieciel, Kristin and Logerwell, Elizabeth and Ferm, Nissa and Levine, Robert and Lauth, Robert and Britt, L and Ciannelli, L},
journal = {Alaska Marine Science Symposium},
address = {Anchorage, AK},
title = {{Distribution and Diet of age-0 Pacific Cod in the Chukchi Sea in 2012 and 2017}},
year={February 2020}
}

@conference{OBS2020,
author = {Stopa, J and Fogaren, K and Kupchik, Matthew J and Levine, Robert and Philip, Brendan T and Rudzin, Johna E and  Russoniello, Christopher J and Whitaker, Justine},
journal = {OceanObs},
address = {Honolulu, HI},
title = {{The Ocean Observatories Initiative: a catalyst for early-career, interdisciplinary research}},
year={September 2019}
}

@conference{UACE2019,
author = {Deemer, G and Lyons, A and Bassett, C and Levine, Robert},
journal = {Underwater Acoustics Conference and Exhibition},
address = {Hersonissos, Crete},
title = {{Characterizing the high-frequency acoustic response from sea ice over one season of natural environmental forcing in the Chukchi Sea}},
year={July 2019}
}

@conference{AMSS2019,
author = {Levine, Robert and De Robertis, Alex and Wilson, Christopher and Grünbaum,  Daniel and Mordy, Calvin and  Meinig, Chris and Tabisola, Heather},
journal = {Alaska Marine Science Symposium},
address = {Anchorage, AK},
title = {{Observations of Fishes in the U.S. Continental Shelf Region of the Chukchi Sea from Autonomous Vehicles and Moorings}},
year={January 2019}
}

@conference{AMSS2018,
author = {Levine, Robert and De Robertis, Alex and Wilson, Christopher and Farley, Edward},
journal = {Alaska Marine Science Symposium},
address = {Anchorage, AK},
title = {{Field Studies to Investigate the Fate of Juvenile Arctic Cod in the U.S. Continental Shelf Region of the Chukchi Sea}},
year={January 2018}
}

@conference{ESSAS2018,
author = {Levine, Robert and De Robertis, Alex and Wilson, Christopher and Farley, Edward and Grünbaum,  Daniel},
journal = {Ecosystem Studies of Subarctic and Arctic Seas Annual Science Meeting},
address = {Fairbanks, AK},
title = {{Field Studies to Investigate the Fate of Juvenile Arctic Cod in the U.S. Continental Shelf Region of the Chukchi Sea}},
year={June 2018}
}

@conference{FAST2016,
author = {De Robertis, Alex and Levine, Robert and Wilson, Christopher},
journal = {ICES WGFAST Annual Meeting},
address = {Nelson, New Zealand},
title = {{Can a bottom-moored echosounder array provide a survey-comparable index of abundance?}},
year={April 2017}
}

@conference{OSM2014,
author = {Levine, Robert and Lawson, Gareth L and Wiebe, Peter H and Lavery, Andone C and Greene, Charlses H and Copley, Nancy J},
journal = {Ocean Sciences},
address = {Honolulu, HI},
title = {{Temporal and spatial variability in euphausiid abundance and species composition at the northwest Atlantic shelf break and its canyons}},
year={February 2014}
}

@conference{GSA2011,
author = {Ceperley, E and Delatolas, N and Derry L and Huth, A and Levine, Robert and Mnich, M and Moore, A and Webster, D and Yost, J},
journal = {Geological Society of America Meeting},
address = {Minneapolis, MN},
title = {{The Carbon-Neutral Classroom: A User’s Guide}},
year={November 2011}
}