@conference{FOCI,
journal = {NOAA EcoFOCI 2019 Fall Seminar Series},
address = {Seattle, WA},
title = {Are age-0 Arctic cod retained over the Chukchi Sea shelf during summer?},
year={November 2019}
}

@conference{PCC,
journal = {Program on Climate Change Spring Symposium Series, University of Washington},
address = {Seattle, WA},
title = {Are age-0 Arctic cod retained over the Chukchi Sea shelf during summer?},
year={May 2020}
}

