%@conference{ESSAS2022,
%author = {Levine, Robert and De Robertis, Alex and Grünbaum,  Daniel and Wilson, Christopher},
%journal = {Ecosystem Studies of Subarctic and Arctic Seas Annual Science Meeting},
%address = {\textit{Seattle, WA}},
%title = {{Climate-driven shifts in abundance, distribution, and composition of the age-0 gadid community in the eastern Chukchi Sea.}},
%year={2022},
%month={June}
%}

@conference{OSM2022,
author = {Levine, Robert and De Robertis, Alex and Grünbaum,  Daniel and Wildes, Sharon and Farley, Edward and Stabeno, Phyllis and Wilson, Christopher},
journal = {Ocean Sciences},
address = {\textit{Virtual}},
title = {{Climate-driven changes in abundance, distribution, and composition of the pelagic fish community in the Chukchi Sea.}},
year={2022},
month={March}
}

@conference{AMSS2022,
author = {Levine, Robert and De Robertis, Alex and Grünbaum,  Daniel and Wildes, Sharon and Farley, Edward and Stabeno, Phyllis and Wilson, Christopher},
journal = {Alaska Marine Science Symposium},
address = {\textit{Virtual}},
title = {{Climate-driven changes in abundance, distribution, and composition of the pelagic fish community in the Chukchi Sea.}},
year={2022},
month={January}
}

@conference{ASA2021,
author = {Levine, Robert and De Robertis, Alex and Grünbaum,  Daniel and Wilson, Christopher},
journal = {Acoustical Society of America},
address = {\textit{Seattle, WA}},
title = {{Where do the fish come from, and where do they go? Seasonal observations of pelagic fishes from echosounder moorings in the Chukchi Sea.}},
year={2021},
month={November}
}

@conference{NAGT2021,
author = {Seroy, Sasha and Esparza, Jose and Levine, Robert and Wyeth, Amy and Grünbaum,  Daniel},
journal = {Earth Educators' Rendezvous},
address = {\textit{Virtual}},
title = {{PublicSensors: Integrating student-built environmental sensors for community science into the classroom.}},
year={2021},
month={July}
}

@conference{FAST2021,
author = {Levine, Robert and De Robertis, Alex and Grünbaum,  Daniel and Wilson, Christopher and Farley, Edward and  Mordy, Calvin and  Stabeno, Phyllis},
journal = {ICES WGFAST},
address = {\textit{Virtual}},
title = {{A multiplatform acoustic-based approach to classifying abundance, distribution, and transport of age-0 gadids on the Chukchi shelf.}},
year={2021},
month={April}
}

@conference{JFATB2021,
author = {De Robertis, Alex and Levine, Robert and Williams, Kresimir and Wilson, Christopher},
journal = {ICES JFATB},
address = {\textit{Virtual}},
title = {{Modifying a survey trawl to better retain small Arctic fishes.}},
year={2021},
month={April}
}

@conference{AMSS2021_1,
author = {Levine, Robert and De Robertis, Alex and Grünbaum,  Daniel and Wilson, Christopher and Farley, Edward and  Mordy, Calvin and  Stabeno, Phyllis},
journal = {Alaska Marine Science Symposium},
address = {\textit{Virtual}},
title = {{Where do they come from, and where do they go? Abundance, distribution, and transport of age-0 gadids on the Chukchi shelf.}},
year={2021},
month={January}
}

@conference{AMSS2021_2,
author = {Cooper, Dan and Logerwell, Elizabeth and Emelin, Pavel and Cieciel, Kristin and Levine, Robert and  Axler, Kelia and Britt, Lyle and Woodgate,  Rebecca and Orlov,Alexei},
journal = {Alaska Marine Science Symposium},
address = {\textit{Virtual}},
title = {{Pacific cod or Treska (\textit{Gadus macrocephalus}) in the Chukchi Sea.}},
year={2021},
month={January}
}


@conference{SCCS2020,
author = {Esparza, Jose and Seroy, Sasha and Levine, Robert and Wyteh, Amy and Crouser, Deana and Clay Burns, Tansy and Grünbaum, Daniel},
journal = {SCCS-NY},
address = {New York, NY},
title = {{The PublicSensors Project: Fostering community science through student-built environmental sensors.}},
year={2020},
month={October}
}

@conference{OSM2020,
author = {Levine, Robert and De Robertis, Alex and Grünbaum,  Daniel and Woodgate,  Rebecca and  Mordy, Calvin and  Cokelet, Edward and Lawrence-Slavas,  Noah and Tabisola, Heather},
journal = {Ocean Sciences},
address = {San Diego, CA},
title = {{Summer 2018 repeat autonomous vehicle surveys indicate age-0 Arctic cod are largely retained over the Chukchi Sea shelf.}},
year={2020},
month={February}
}

@conference{AMSS2020_1,
author = {Levine, Robert and De Robertis, Alex and Wilson, Christopher and Grünbaum,  Daniel and Farley, Edward},
journal = {Alaska Marine Science Symposium},
address = {Anchorage, AK},
title = {{Preliminary results of a 2019 acoustic-trawl survey in the U.S. Continental Shelf Region of the Chukchi Sea}},
year={2020},
month={February}
}

@conference{AMSS2020_2,
author = {Levine, Robert and De Robertis, Alex and Grünbaum,  Daniel and Woodgate,  Rebecca and  Mordy, Calvin and  Cokelet, Edward and Lawrence-Slavas,  Noah and Tabisola, Heather},
journal = {Alaska Marine Science Symposium},
address = {Anchorage, AK},
title = {{Summer 2018 repeat autonomous vehicle surveys indicate age-0 Arctic cod are largely retained over the Chukchi Sea shelf}},
year={2020},
month={February}
}

@conference{AMSS2020_3,
author = {Cooper, Daniel and Cieciel, Kristin and Logerwell, Elizabeth and Ferm, Nissa and Levine, Robert and Lauth, Robert and Britt, L and Ciannelli, L},
journal = {Alaska Marine Science Symposium},
address = {Anchorage, AK},
title = {{Distribution and Diet of age-0 Pacific Cod in the Chukchi Sea in 2012 and 2017}},
year={2020},
month={February}
}

@conference{OBS2020,
author = {Stopa, J and Fogaren, K and Kupchik, Matthew J and Levine, Robert and Philip, Brendan T and Rudzin, Johna E and  Russoniello, Christopher J and Whitaker, Justine},
journal = {OceanObs},
address = {Honolulu, HI},
title = {{The Ocean Observatories Initiative: a catalyst for early-career, interdisciplinary research}},
year={2019},
month={September}
}

@conference{UACE2019,
author = {Deemer, G and Lyons, A and Bassett, C and Levine, Robert},
journal = {Underwater Acoustics Conference and Exhibition},
address = {Hersonissos, Crete},
title = {{Characterizing the high-frequency acoustic response from sea ice over one season of natural environmental forcing in the Chukchi Sea}},
year={2019},
month={July}
}

@conference{AMSS2019,
author = {Levine, Robert and De Robertis, Alex and Wilson, Christopher and Grünbaum,  Daniel and Mordy, Calvin and  Meinig, Chris and Tabisola, Heather},
journal = {Alaska Marine Science Symposium},
address = {Anchorage, AK},
title = {{Observations of Fishes in the U.S. Continental Shelf Region of the Chukchi Sea from Autonomous Vehicles and Moorings}},
year={2019},
month = {January}
}

@conference{AMSS2018,
author = {Levine, Robert and De Robertis, Alex and Wilson, Christopher and Farley, Edward},
journal = {Alaska Marine Science Symposium},
address = {Anchorage, AK},
title = {{Field Studies to Investigate the Fate of Juvenile Arctic Cod in the U.S. Continental Shelf Region of the Chukchi Sea}},
year={2018},
month={January}
}

@conference{ESSAS2018,
author = {Levine, Robert and De Robertis, Alex and Wilson, Christopher and Farley, Edward and Grünbaum,  Daniel},
journal = {Ecosystem Studies of Subarctic and Arctic Seas Annual Science Meeting},
address = {Fairbanks, AK},
title = {{Field Studies to Investigate the Fate of Juvenile Arctic Cod in the U.S. Continental Shelf Region of the Chukchi Sea}},
year={2018},
month={June}
}

@conference{FAST2016,
author = {De Robertis, Alex and Levine, Robert and Wilson, Christopher},
journal = {ICES WGFAST Annual Meeting},
address = {Nelson, New Zealand},
title = {{Can a bottom-moored echosounder array provide a survey-comparable index of abundance?}},
year={2017},
month={April}
}

@conference{OSM2014,
author = {Levine, Robert and Lawson, Gareth L and Wiebe, Peter H and Lavery, Andone C and Greene, Charlses H and Copley, Nancy J},
journal = {Ocean Sciences},
address = {Honolulu, HI},
title = {{Temporal and spatial variability in euphausiid abundance and species composition at the northwest Atlantic shelf break and its canyons}},
year={2014},
month={February}
}

@conference{GSA2011,
author = {Ceperley, E and Delatolas, N and Derry L and Huth, A and Levine, Robert and Mnich, M and Moore, A and Webster, D and Yost, J},
journal = {Geological Society of America Meeting},
address = {Minneapolis, MN},
title = {{The Carbon-Neutral Classroom: A User’s Guide}},
year={2011},
month={November}
}