@article{Levine2020b,
author = {Levine, Robert and Fogaren,Kristen E. and Rudzin, Johna and Russoniello, Chris and Soule, Dax and Whitaker, Justine M.},
title = {{Software, data, and additional documentation for: Open data, collaborative working platforms, and interdisciplinary collaboration (v1.0)}},
year = {2020},
doi= {10.5281/zenodo.4150102}
}