Surface arctic eis 17
https://doi.org/10.24431/rw1k58b
Surface arctic eis 19
https://doi.org/10.24431/rw1k58a