@conference{BL2019,
journal = {UW Biological Oceanography Lunch Seminar Fall Seminar Series},
address = {Seattle, WA},
title = {Are age-0 Arctic cod retained over the Chukchi Sea shelf during summer?},
year={November 2019}
}
@conference{BL2018,
journal = {UW Biological Oceanography Lunch Seminar Fall Seminar Series},
address = {Seattle, WA},
title = {The role of the Chukchi Sea as a nursery for Arctic cod (\textit{Boreogadus saida})},
year={December 2018}
}
@conference{BL2017,
journal = {UW Biological Oceanography Lunch Seminar Fall Seminar Series},
address = {Seattle, WA},
title = {Does the Chukchi Sea Serve as a Nursery for Arctic Fishes?},
year={January 2018}
}
@conference{FF2017,
journal = {UW Oceanography Second Year Symposium},
address = {Seattle, WA},
title = {Does the Chukchi Sea Serve as a Nursery for Arctic Fishes?},
year={November 2017}
}

