@article{Levine2021a,
author = {Levine, Robert and De Robertis, Alex and Grünbaum, Daniel and Wildes, Sharon and Farley, Edward V and Stabeno, Phyllis J. and Wilson, Christopher D.},
journal = {Deep-Sea Research Part II: Topical Studies in Oceanography},
title = {{Climate-driven shifts in pelagic fish distributions in a rapidly changing Pacific Arctic}},
year = {\textit{In revision}},
month = {Feb}
}

@article{Cooper2021,
author = {Cooper, Dan and Kristin Cieciel and Louise Copeman and Pavel Emelin and Elizabeth Logerwell and Nissa Ferm and Jesse Lamb and Robert Levine and Kelia Axler and Rebecca A. Woodgate and Lyle Britt and Robert Lauth and Benjamin Laurel and Alexei M. Orlov},
journal = {Deep-Sea Research Part II: Topical Studies in Oceanography},
title = {{Pacific cod or tikhookeanskaya treska (\textit{Gadus macrocephalus}) in the Chukchi Sea during recent warm years: Distribution by life stage and age-0 diet and condition}},
year = {\textit{In review}},
month = {Jan}
}


@article{DeRobertis2021,
author = {De Robertis, Alex and Levine, Robert  and Willaims, Kresimir and Wilson, Christopher D},
journal = {Deep-Sea Research Part II: Topical Studies in Oceanography},
title = {{Modifying a trawl to better retain small Arctic fishes}},
year = {\textit{In revision}},
month = {}
}

@article{Levine2022a,
author = {Levine, Robert and De Robertis, Alex and Grünbaum, Daniel and Wilson, Christopher D.},
journal = {ICES Journal of Marine Science},
title = {{Seasonality in the transport and abundance of pelagic fishes in the Chukchi Sea from seafloor-mounted echosounders}},
year = {\textit{In review}}
}


@article{Baker2022,
author = {Baker, Matthew R. and De Robertis, Alex and Levine, Robert and Logerwell, Elizabeth A. and Cooper, Dan and Ogston, Andrea and Farley, Edward V.},
journal = {Deep-Sea Research Part II: Topical Studies in Oceanography},
title = {{Spatial distribution of Arctic sand lance in the Chukchi Sea related to the physical environment}},
year = {\textit{In revision}}
}