@conference{MSJ,
journal = {NOAA NWFSC Monster Seminar Jam 2021 Spring Seminar Series},
address = {Seattle, WA},
title = {A multiplatform investigation of pelagic fishes in a changing Pacific Arctic},
year={2021},
month={May}
}
@conference{FOCI,
journal = {NOAA EcoFOCI 2019 Fall Seminar Series},
address = {Seattle, WA},
title = {Are age-0 Arctic cod retained over the Chukchi Sea shelf during summer?},
year={2019},
month={November}
}

@conference{PCC,
journal = {UW Program on Climate Change Spring Symposium Series},
address = {Seattle, WA},
title = {Wind, Waves, and (W)robots: Autonomous vehicle surveys of Arctic cod in the Chukchi Sea},
year={2020},
month={May}
}

