@article{Levine2020EJAMS,
author = {Levine, Robert},
journal = {Electronic Journal of Applied Multivariate Statistics},
title = {{Environmental drivers of pelagic fish distribution in the U.S. continental shelf region of the Chukchi Sea}},
year = {2020},
volume={Accepted}
}

@article{Levine2014,
author = {Levine, Robert},
journal = {Cornell University},
title = {{ Temporal and Spatial Variability in Euphausiid Abundance, Biomass, and Species Composition at the Northwest Atlantic Shelf Break and Its Canyons (Thesis)}},
year = {2014},
school = {Cornell University}
}
