@article{Levine2020b,
author = {Levine, Robert and Seroy,Sasha and Grünbaum, Daniel},
journal = {Oceanography},
title = {{Sound and the Seafloor: Determining bathymetry using student-built acoustic sensors}},
year = {\textit{Accepted}}
}

@article{Levine2020a,
author = {Levine, Robert and Fogaren,Kristen E. and Rudzin, Johna E. and Russoniello, Chris J. and Soule, Dax C. and Whitaker, Justine M.},
journal = {Frontiers in Marine Science},
title = {{Open data, collaborative working platforms, and interdisciplinary collaboration: building an Early Career Scientist community of practice to leverage Ocean Observatories Initiative data to address critical questions in marine science}},
doi={10.3389/fmars.2020.593512},
year = {\textit{2020}}}
}

@article{Levine2020c,
author = {Levine, Robert and De Robertis, Alex and Grünbaum, Daniel and Woodgate,  Rebecca and  Mordy, Calvin and Mueter Franz and Cokelet, Edward and Lawrence-Slavas,  Noah and Tabisola, Heather},
journal = {Limnology and Oceanography},
title = {{ Repeat autonomous vehicle surveys indicate that age-0 gadid fishes are largely retained over the Chukchi Sea shelf in summer}},
year = {\textit{Accepted}}}
}

@article{Huntington2020,
author = {Huntington, Henry P. and Danielson, Seth L. and Wiese, Francis K. and Baker, Matthew and Boveng, Peter and Citta, John J. and {De Robertis}, Alex and Dickson, Danielle M.S. and Farley, Ed and George, J. Craighead and Iken, Katrin and Kimmel, David G. and Kuletz, Kathy and Ladd, Carol and Levine, Robert and Quakenbush, Lori and Stabeno, Phyllis and Stafford, Kathleen M. and Stockwell, Dean and Wilson, Chris},
doi = {10.1038/s41558-020-0695-2},
journal = {Nature Climate Change},
publisher = {Springer US},
title = {{Evidence suggests potential transformation of the Pacific Arctic ecosystem is underway}},
year = {2020},
keywords = {pub}
}

@article{DeRobertis2018,
author = {De Robertis, Alex and Levine, Robert and Wilson, Christopher D.},
doi = {10.1139/cjfas-2017-0013},
isbn = {2090-0201 (Print)$\backslash$r2090-0201 (Linking)},
issn = {0706-652X},
journal = {Canadian Journal of Fisheries and Aquatic Sciences},
number = {4},
pages = {629--640},
title = {{Can a bottom-moored echo sounder array provide a survey-comparable index of abundance?}},
volume = {75},
year = {2018},
keywords = {pub}
}